<collection xmlns="http://www.loc.gov/MARC21/slim">
<record>
  <leader>01103nam0a22002291i 450 </leader>
  <controlfield tag="001">IT\ICCU\CNCE\050599</controlfield>
  <controlfield tag="005">20200128000000.0</controlfield>
  <datafield tag="012" ind1=" " ind2=" ">
    <subfield code="a">a-ra etan iodi ququ (3) 1588 (R)</subfield>
    <subfield code="2">fei</subfield>
  </datafield>
  <datafield tag="100" ind1=" " ind2=" ">
    <subfield code="a">20000131d1588        0itac0103    ba</subfield>
  </datafield>
  <datafield tag="101" ind1=" " ind2=" ">
    <subfield code="a">ITA</subfield>
  </datafield>
  <datafield tag="102" ind1=" " ind2=" ">
    <subfield code="a">IT</subfield>
  </datafield>
  <datafield tag="200" ind1="1" ind2=" ">
    <subfield code="a">℗L&apos;℗alto ragionamento et vago d&apos;Arcangelo Rossi cremonese, in lode della ignoranza, all&apos;illustriss.mo et eccellentiss.mo signor Geronimo Acquauiua, duca d&apos;Atri, etc</subfield>
  </datafield>
  <datafield tag="210" ind1=" " ind2=" ">
    <subfield code="e">In Napoli</subfield>
    <subfield code="g">appresso gli eredi di Mattio Cancer</subfield>
    <subfield code="h">1588</subfield>
  </datafield>
  <datafield tag="215" ind1=" " ind2=" ">
    <subfield code="a">\16!, 129, \4! p.</subfield>
    <subfield code="d">8ʻ</subfield>
  </datafield>
  <datafield tag="620" ind1=" " ind2=" ">
    <subfield code="a">IT</subfield>
    <subfield code="d">Napoli</subfield>
  </datafield>
  <datafield tag="700" ind1=" " ind2="1">
    <subfield code="a">Rossi,</subfield>
    <subfield code="b">Arcangelo</subfield>
    <subfield code="3">IT\ICCU\CNCA\015875</subfield>
  </datafield>
  <datafield tag="712" ind1="0" ind2="0">
    <subfield code="a">Cancer, Mattia - eredi</subfield>
    <subfield code="3">IT\ICCU\CNCT\000674</subfield>
    <subfield code="4">650</subfield>
  </datafield>
  <datafield tag="790" ind1=" " ind2="1">
    <subfield code="a">Rubeus,</subfield>
    <subfield code="b">Archangelus</subfield>
    <subfield code="3">IT\ICCU\CNCA\023732</subfield>
    <subfield code="z">Rossi, Arcangelo</subfield>
  </datafield>
  <datafield tag="801" ind1=" " ind2="3">
    <subfield code="a">IT</subfield>
    <subfield code="b">ICCU</subfield>
    <subfield code="c">20201115</subfield>
  </datafield>
  <datafield tag="899" ind1=" " ind2=" ">
    <subfield code="a">Biblioteca universitaria Alessandrina. Roma</subfield>
    <subfield code="1">RM0280</subfield>
    <subfield code="2">RML 01</subfield>
  </datafield>
  <datafield tag="911" ind1=" " ind2=" ">
    <subfield code="a">In fine</subfield>
    <subfield code="9">IT\ICCU\CNCM\001325</subfield>
  </datafield>
  <datafield tag="921" ind1=" " ind2=" ">
    <subfield code="a">IT\ICCU\CNCM\001325</subfield>
    <subfield code="b">Obelisco con una gru a destra e un serpente a sinistra. in cornice formata da un ramo di palma e uno di olivo.</subfield>
    <subfield code="e">Ad metam</subfield>
    <subfield code="c">V125</subfield>
    <subfield code="c">Z899</subfield>
    <subfield code="f">OBELISCO</subfield>
    <subfield code="f">GRU</subfield>
    <subfield code="f">SERPENTE</subfield>
    <subfield code="g">1588</subfield>
  </datafield>
</record>
</collection>
